
% General books

@book{DeLoeraRambauSantos,
	AUTHOR = {Jesus~A.~{De Loera} and J\"org~Rambau and Francisco~Santos},
	TITLE = {Triangulations: Structures for Algorithms and Applications},
	PUBLISHER = {Springer Verlag},
	YEAR = {2010},
	VOLUME = {25},
	SERIES = {Algorithms and {C}omputation in Mathematics},
}

@book {Ziegler-polytopes,
	AUTHOR = {G{\"u}nter~M.~Ziegler},
	TITLE = {Lectures on Polytopes},
	SERIES = {Graduate texts in Mathematics},
	PUBLISHER = {Springer-Verlag},
	ADDRESS = {New York},
	VOLUME = {152},
	YEAR = {1998},
	PAGES = {vii+370},
}

@book {Matousek,
	AUTHOR = {Matou{\v{s}}ek, Ji{\v{r}}{\'{\i}}},
	TITLE = {Lectures on discrete geometry},
	SERIES = {Graduate Texts in Mathematics},
	VOLUME = {212},
	PUBLISHER = {Springer-Verlag, New York},
	YEAR = {2002},
	PAGES = {xvi+481},
}

@book {RichterGebert,
	AUTHOR = {Richter-Gebert, J\"urgen},
	TITLE = {Realization spaces of polytopes},
	SERIES = {Lecture Notes in Mathematics},
	VOLUME = {1643},
	PUBLISHER = {Springer-Verlag, Berlin},
	YEAR = {1996},
	PAGES = {xii+187},
}